
@article{bls381-12,
  title={The Apache Milagro Crypto Library (Version 2.2)},
  author={Scott, Michael},
  year = {2017}
}
